<record><leader>00000cas a2200000 a 4500</leader><controlfield tag="001">12257230</controlfield><controlfield tag="008">850712d18581864miuwr ne      0    0eng c</controlfield><datafield ind1=" " ind2=" " tag="010"><subfield code="a">sn 85026486 </subfield></datafield><datafield ind1=" " ind2=" " tag="040"><subfield code="a">NPX</subfield><subfield code="b">eng</subfield><subfield code="c">NPX</subfield><subfield code="d">NPV</subfield><subfield code="d">MGN</subfield><subfield code="d">MHN</subfield><subfield code="d">OCL</subfield><subfield code="d">OCLCQ</subfield><subfield code="d">OCLCF</subfield><subfield code="d">OCLCO</subfield></datafield><datafield ind1="1" ind2=" " tag="029"><subfield code="a">AU@</subfield><subfield code="b">000009344648</subfield></datafield><datafield ind1=" " ind2=" " tag="042"><subfield code="a">pcc</subfield></datafield><datafield ind1=" " ind2=" " tag="043"><subfield code="a">n-us-mi</subfield></datafield><datafield ind1="0" ind2=" " tag="130"><subfield code="a">Mining gazette (Houghton, Portage Lake, Mich.)</subfield></datafield><datafield ind1="1" ind2="0" tag="245"><subfield code="a">Mining gazette.</subfield></datafield><datafield ind1="1" ind2="3" tag="246"><subfield code="a">Houghton mining gazette</subfield></datafield><datafield ind1="1" ind2="3" tag="246"><subfield code="a">Portage Lake mining gazette</subfield></datafield><datafield ind1=" " ind2=" " tag="260"><subfield code="a">Houghton, Mich. :</subfield><subfield code="b">J.R. Devereaux</subfield></datafield><datafield ind1=" " ind2=" " tag="300"><subfield code="a">v.</subfield></datafield><datafield ind1=" " ind2=" " tag="300"><subfield code="a">Weekly.</subfield></datafield><datafield ind1="1" ind2=" " tag="362"><subfield code="a">Began June 16, 1858.</subfield></datafield><datafield ind1="0" ind2=" " tag="362"><subfield code="a">-v. 6, no. 7 (Sept. 3, 1864).</subfield></datafield><datafield ind1=" " ind2=" " tag="588"><subfield code="a">Description based on: Vol. 1, no. 15 (Oct. 22, 1859).</subfield></datafield><datafield ind1=" " ind2="0" tag="651"><subfield code="a">Houghton (Mich.)</subfield><subfield code="v">Newspapers.</subfield></datafield><datafield ind1=" " ind2="0" tag="651"><subfield code="a">Houghton County (Mich.)</subfield><subfield code="v">Newspapers.</subfield></datafield><datafield ind1=" " ind2="7" tag="655"><subfield code="a">Newspapers.</subfield><subfield code="2">fast</subfield><subfield code="0">(OCoLC)fst01423814</subfield></datafield><datafield ind1=" " ind2="7" tag="651"><subfield code="a">Michigan</subfield><subfield code="z">Houghton.</subfield><subfield code="2">fast</subfield><subfield code="0">(OCoLC)fst01205294</subfield></datafield><datafield ind1=" " ind2="7" tag="651"><subfield code="a">Michigan</subfield><subfield code="z">Houghton County.</subfield><subfield code="2">fast</subfield><subfield code="0">(OCoLC)fst01214775</subfield></datafield><datafield ind1=" " ind2=" " tag="752"><subfield code="a">United States</subfield><subfield code="b">Michigan</subfield><subfield code="c">Houghton</subfield><subfield code="d">Houghton.</subfield></datafield><datafield ind1=" " ind2=" " tag="752"><subfield code="a">United States</subfield><subfield code="b">Michigan</subfield><subfield code="c">Houghton</subfield><subfield code="d">Portage Lake.</subfield></datafield><datafield ind1="0" ind2="0" tag="785"><subfield code="t">Portage Lake mining gazette</subfield><subfield code="w">(DLC)sn 83016611</subfield><subfield code="w">(OCoLC)9939997</subfield></datafield></record>